@article{berry,
	title = {Optical vortices evolving from helicoidal integer and fractional phase steps},
	volume = {6},
	issn = {1464-4258, 1741-3567},
	url = {https://iopscience.iop.org/article/10.1088/1464-4258/6/2/018},
	doi = {10.1088/1464-4258/6/2/018},
	number = {2},
	urldate = {2024-04-22},
	journal = {Journal of Optics A: Pure and Applied Optics},
	author = {Berry, M V},
	month = feb,
	year = {2004},
	pages = {259--268},
}

@article{twisted,
	title = {Twisted photons: what is the orbital angular momentum of light?},
	volume = {119},
	doi = {10.1051/photon/202311962},
	journal = {Photoniques},
	author = {Cardano, Filippo and Marrucci, Lorenzo},
	month = jun,
	year = {2023},
	pages = {62--67},
}

@article{alperin,
	title = {Quantitative measurement of the orbital angular momentum of light with a single, stationary lens},
	volume = {41},
	copyright = {© 2016 Optical Society of America},
	issn = {1539-4794},
	url = {https://opg.optica.org/ol/abstract.cfm?uri=ol-41-21-5019},
	doi = {10.1364/OL.41.005019},
	urldate = {2024-05-27},
	journal = {Optics Letters},
	author = {Alperin, Samuel N. and Niederriter, Robert D. and Gopinath, Juliet T. and Siemens, Mark E.},
	month = nov,
	year = {2016},
	note = {Publisher: Optica Publishing Group},
	pages = {5019--5022},
}


@article{leach2004observation,
  title={Observation of the vortex structure of a non-integer vortex beam},
  author={Leach, Jonathan and Yao, Eric and Padgett, Miles J},
  journal={New Journal of Physics},
  volume={6},
  number={1},
  pages={71},
  year={2004},
  publisher={IOP Publishing},
  doi={10.1088/1367-2630/6/1/071}
}

@article{vasnetsov2005analysis,
  title={Analysis of orbital angular momentum of a misaligned optical beam},
  author={Vasnetsov, MV and Pas' Ko, VA and Soskin, MS},
  journal={New Journal of Physics},
  volume={7},
  number={1},
  pages={46},
  year={2005},
  publisher={IOP Publishing},
  doi={10.1088/1367-2630/7/1/046}
}

@article{rev-trap,
	title = {Optical trapping with structured light: a review},
	volume = {3},
	issn = {2577-5421, 2577-5421},
	shorttitle = {Optical trapping with structured light},
	url = {https://www.spiedigitallibrary.org/journals/advanced-photonics/volume-3/issue-3/034001/Optical-trapping-with-structured-light-a-review/10.1117/1.AP.3.3.034001.full},
	doi = {10.1117/1.AP.3.3.034001},
	number = {3},
	urldate = {2024-04-25},
	journal = {Advanced Photonics},
	author = {Yang, Yuanjie and Ren, Yuxuan and Chen, Mingzhou and Arita, Yoshihiko and Rosales-Guzmán, Carmelo},
	month = may,
	year = {2021},
	note = {Publisher: SPIE},
	pages = {034001},
}

@article{rev,
	title = {Review on fractional vortex beam},
	volume = {11},
	url = {https://www.degruyter.com/document/doi/10.1515/nanoph-2021-0616/html},
	doi = {10.1515/nanoph-2021-0616},
	number = {2},
	urldate = {2024-04-20},
	journal = {Nanophotonics},
	author = {Zhang, Hao and Zeng, Jun and Lu, Xingyuan and Wang, Zhuoyi and Zhao, Chengliang and Cai, Yangjian},
	month = jan,
	year = {2022},
	note = {Publisher: De Gruyter},
	pages = {241--273},
}

@article{padgett2015divergence,
  title={Divergence of an orbital-angular-momentum-carrying beam upon propagation},
  author={Padgett, Miles J and Miatto, Filippo M and Lavery, Martin PJ and Zeilinger, Anton and Boyd, Robert W},
  journal={New Journal of Physics},
  volume={17},
  number={2},
  pages={023011},
  year={2015},
  publisher={IOP Publishing}
}

@article{exp-struc,
	title = {Observation of the vortex structure of a non-integer vortex beam},
	url = {http://www.njp.org/},
	doi = {10.1088/1367-2630/6/1/071},
	urldate = {2024-04-18},
	author = {Leach, Jonathan and Yao, Eric and Padgett, Miles J.},
        journal= {New Journal of Physics},
volume = {6},
pages = {71},
year = {2004}
}

@article{fiber-struc,
	title = {Study of fractional optical vortex beam in the near-field},
	volume = {475},
	issn = {0030-4018},
	doi = {10.1016/j.optcom.2020.126268},
	urldate = {2024-05-23},
	journal = {Optics Communications},
	author = {Matta, Sujai and Vayalamkuzhi, Pramitha and Viswanathan, Nirmal K.},
	month = nov,
	year = {2020},
	pages = {126268},
}

@article{hotel,
	title = {Fractional vortex {Hilbert}’s {Hotel}},
	volume = {3},
	copyright = {© 2016 Optical Society of America},
	issn = {2334-2536},
	url = {https://opg.optica.org/optica/abstract.cfm?uri=optica-3-3-222},
	doi = {10.1364/OPTICA.3.000222},
	number = {3},
	urldate = {2024-05-27},
	journal = {Optica},
	author = {Gbur, Greg},
	month = mar,
	year = {2016},
	note = {Publisher: Optica Publishing Group},
	pages = {222--225},
}

% The included BibTeX file {\ttfamily bibfile}.{\ttfamily bib} contains several sample entries. BibTeX formatted citations are easily downloadable from search engines. Please use standard journal abbreviations. As much as possible, do include the {\ttfamily DOI}=\{{\ttfamily 10.XXXX}/{\ttfamily XXXX}\}{\ttfamily ,} entry so that references are automatically hyperlinked (\textbf{do not include} the leading {\ttfamily http}:\textbackslash\textbackslash{\ttfamily dx.doi.org}\textbackslash).

% For a journal article, the recommended fields to be filled in are
% title={...},
% author={Full Surname Sr., First N. and ...},
% journal={J. Abbrev.},
% volume={33},
% pages={555},
% year={2016},
% doi={10.1000/num.1000}
% Each author is separated by the word {\ttfamily and}. Suffixes are attached to the author last name.

% For Proceedings and Conference Articles, several examples are given {\ttfamily bibfile}.{\ttfamily bib} \cite{proceedingskey1,proceedingskey2}.

% --- templates --- %
@article{articlekey,
title={...},
author={Full Surname Sr., First N. and ...},
journal={J. Abbrev.},
volume={33},
pages={555},
year={2016},
doi={10.1000/num.1000}
}
@book{bookkey,
author={Lastname, B. V. and Last, First},
title={Title of Book},
publisher={Publisher Name Inc.},
address={City Address},
year={2007}
}

@unpublished{unpkey,
  title={Title of eprint or ar{X}iv paper},
  author={Hyphenated-Lastname, Author and Lastname Jr., X. J.},
  eprint={1601.00000},
  year={2016}
}

@inproceedings{'',
 title={Article title with no {URL} or {DOI}},
author={Lastname, First Name},
booktitle={Proceedings of the 4\textsuperscript{th} Conference of Organization},
year={2017},
pages ={P23123},
address={Conference Venue, Country}
}

@inproceedings{'',
 title={Proceedings entry with a {URL} and {Article Identifier number or Page number}},
author={Lastname, First Name},
booktitle={Proceedings of the 10\textsuperscript{th} Conference of Organization},
year={2018},
pages ={\href{https://paperview.spp-online.org/proceedings/article/view/SPP-2018-E1}
{SPP-2018-XXX}},
address={Conference Venue, Country}
}

@inproceedings{'',
  title={Proceedings entry with a {DOI}},
  author={Lastname, First Name and Lastname2, First Name2},
  booktitle={Society Conference on Physics Topic SCPT2018},
  year={2015},
  pages={\href{https://doi.org/10.1109/XXXX} {626--630}},
  address = {City of Conference, Country}
}
